<record><leader>00000cas a22000007a 4500</leader><controlfield tag="001">13352556</controlfield><controlfield tag="008">860327d19411944nyuwr n       0    0eng d</controlfield><datafield ind1=" " ind2=" " tag="010"><subfield code="a">sn 86034920 </subfield></datafield><datafield ind1=" " ind2=" " tag="040"><subfield code="a">NYG</subfield><subfield code="b">eng</subfield><subfield code="c">NYG</subfield><subfield code="d">NYS</subfield><subfield code="d">OCLCQ</subfield></datafield><datafield ind1=" " ind2=" " tag="042"><subfield code="a">msc</subfield></datafield><datafield ind1="0" ind2=" " tag="130"><subfield code="a">News (Millerton, N.Y. : Connecticut ed.)</subfield></datafield><datafield ind1="1" ind2="4" tag="245"><subfield code="a">The News.</subfield></datafield><datafield ind1=" " ind2=" " tag="250"><subfield code="a">Connecticut ed.</subfield></datafield><datafield ind1=" " ind2=" " tag="260"><subfield code="a">Millerton, N.Y. :</subfield><subfield code="b">Millerton Press,</subfield><subfield code="c">1941-1944.</subfield></datafield><datafield ind1=" " ind2=" " tag="300"><subfield code="a">8 v. :</subfield><subfield code="b">ill.</subfield></datafield><datafield ind1=" " ind2=" " tag="310"><subfield code="a">Weekly</subfield></datafield><datafield ind1="0" ind2=" " tag="362"><subfield code="a">Vol. 8, no. 2 (Jan. 9, 1941)-v. 15, no. 9 (Aug. 31, 1944).</subfield></datafield><datafield ind1=" " ind2="4" tag="651"><subfield code="a">Millerton (N.Y.)</subfield><subfield code="v">Newspapers.</subfield></datafield><datafield ind1=" " ind2=" " tag="752"><subfield code="a">United States</subfield><subfield code="b">New York</subfield><subfield code="c">Dutchess</subfield><subfield code="d">Millerton.</subfield></datafield><datafield ind1="0" ind2=" " tag="775"><subfield code="t">News (Millerton, N.Y. : New York ed.)</subfield><subfield code="w">(DLC)sn 86034961</subfield><subfield code="w">(OCoLC)13350191</subfield></datafield><datafield ind1="0" ind2="0" tag="785"><subfield code="t">News-Republican (Millerton, N.Y. : Connecticut ed.)</subfield><subfield code="w">(DLC)sn 86034921</subfield><subfield code="w">(OCoLC)13352641</subfield></datafield><datafield ind1="1" ind2=" " tag="029"><subfield code="a">AU@</subfield><subfield code="b">000025806306</subfield></datafield></record>